<collection xmlns="http://www.loc.gov/MARC21/slim">
<record>
  <leader>01372nam0a22002531i 450 </leader>
  <controlfield tag="001">IT\ICCU\CNCE\058517</controlfield>
  <controlfield tag="005">20100504000000.0</controlfield>
  <datafield tag="012" ind1=" " ind2=" ">
    <subfield code="a">Etsp t.r. dei. *Api (C) 1522 (R)</subfield>
    <subfield code="2">fei</subfield>
  </datafield>
  <datafield tag="100" ind1=" " ind2=" ">
    <subfield code="a">20040609d1522        0itac0103    ba</subfield>
  </datafield>
  <datafield tag="101" ind1=" " ind2=" ">
    <subfield code="a">LAT</subfield>
  </datafield>
  <datafield tag="102" ind1=" " ind2=" ">
    <subfield code="a">IT</subfield>
  </datafield>
  <datafield tag="200" ind1="1" ind2=" ">
    <subfield code="a">Chiromantia Tricassi Cerasariensis Mantnani \!!. Non amplius impressa. ac figurata. Et ab ipso proprio auctoris exemplari fideliter extracta</subfield>
  </datafield>
  <datafield tag="210" ind1=" " ind2=" ">
    <subfield code="e">Impressum Venetijs</subfield>
    <subfield code="g">per Ioannem Franciscum et Ioannem Antonium de Rusconibus de Mediolano fratres ...</subfield>
    <subfield code="h">die XXIII Madij 1522</subfield>
  </datafield>
  <datafield tag="215" ind1=" " ind2=" ">
    <subfield code="a">\68! c.</subfield>
    <subfield code="c">ill.</subfield>
    <subfield code="d">8ʻ</subfield>
  </datafield>
  <datafield tag="620" ind1=" " ind2=" ">
    <subfield code="a">IT</subfield>
    <subfield code="d">Venezia</subfield>
  </datafield>
  <datafield tag="700" ind1=" " ind2="1">
    <subfield code="a">Tricasso,</subfield>
    <subfield code="b">Patrizio</subfield>
    <subfield code="3">IT\ICCU\CNCA\008929</subfield>
  </datafield>
  <datafield tag="712" ind1="0" ind2="0">
    <subfield code="a">Rusconi, Giovanni Francesco &amp; Rusconi, Giovanni Antonio</subfield>
    <subfield code="3">IT\ICCU\CNCT\001130</subfield>
    <subfield code="4">650</subfield>
  </datafield>
  <datafield tag="790" ind1=" " ind2="1">
    <subfield code="a">Tricasso da Cerasari,</subfield>
    <subfield code="b">Patricio</subfield>
    <subfield code="3">IT\ICCU\CNCA\025109</subfield>
    <subfield code="z">Tricasso, Patrizio</subfield>
  </datafield>
  <datafield tag="790" ind1=" " ind2="1">
    <subfield code="a">Tricassus,</subfield>
    <subfield code="b">Patricius</subfield>
    <subfield code="3">IT\ICCU\CNCA\025939</subfield>
    <subfield code="z">Tricasso, Patrizio</subfield>
  </datafield>
  <datafield tag="790" ind1=" " ind2="0">
    <subfield code="a">Tricasso</subfield>
    <subfield code="c"> : Mantuano</subfield>
    <subfield code="3">IT\ICCU\CNCA\026132</subfield>
    <subfield code="z">Tricasso, Patrizio</subfield>
  </datafield>
  <datafield tag="791" ind1="0" ind2="0">
    <subfield code="a">Rusconi, Giovanni Antonio</subfield>
    <subfield code="3">IT\ICCU\CNCT\001131</subfield>
    <subfield code="z">Rusconi, Giovanni Francesco &amp; Rusconi, Giovanni Antonio</subfield>
  </datafield>
  <datafield tag="791" ind1="0" ind2="0">
    <subfield code="a">Rusconibus, Ioannes Franciscus de &amp; Rusconibus, Ioannes Antonius de</subfield>
    <subfield code="3">IT\ICCU\CNCT\005491</subfield>
    <subfield code="z">Rusconi, Giovanni Francesco &amp; Rusconi, Giovanni Antonio</subfield>
  </datafield>
  <datafield tag="801" ind1=" " ind2="3">
    <subfield code="a">IT</subfield>
    <subfield code="b">ICCU</subfield>
    <subfield code="c">20201115</subfield>
  </datafield>
  <datafield tag="899" ind1=" " ind2=" ">
    <subfield code="a">Biblioteca Casanatense. Roma</subfield>
    <subfield code="1">RM0313</subfield>
    <subfield code="2">RML 07</subfield>
  </datafield>
</record>
</collection>
